@misc{L:linuxprobe,
	author = {linuxprobe},
	title = {存储结构与管理硬盘},
	howpublished = {\url{https://www.linuxprobe.com/basic-learning-06.html}},
	year = 2024,
}

@article{example,
	title={Example Title},
	author={Author, A. and Contributor, B.},
	journal={Journal of Examples},
	volume={1},
	number={2},
	pages={123-456},
	year={2024},
	publisher={Example Publisher}
}
